<?xml version="1.0" encoding="UTF-8"?>
<collection xmlns:xsi="http://www.w3.org/2001/XMLSchema-instance" xsi:schemaLocation="http://www.loc.gov/MARC21/slim http://www.loc.gov/standards/marcxml/schema/MARC21slim.xsd" xmlns="http://www.loc.gov/MARC21/slim">
<record>
  <leader>00830cam a2200217   4500</leader>
  <controlfield tag="001">3072889</controlfield>
  <controlfield tag="003">NNC</controlfield>
  <controlfield tag="005">20130426015526.0</controlfield>
  <controlfield tag="008">950710s1928    ua            000 0 araod</controlfield>
  <datafield tag="035" ind1=" " ind2=" ">
    <subfield code="a">(OCoLC)ocm32792903</subfield>
  </datafield>
  <datafield tag="035" ind1=" " ind2=" ">
    <subfield code="9">ATP5964CU</subfield>
  </datafield>
  <datafield tag="035" ind1=" " ind2=" ">
    <subfield code="a">(NNC)3072889</subfield>
  </datafield>
  <datafield tag="040" ind1=" " ind2=" ">
    <subfield code="a">CUY</subfield>
    <subfield code="c">CUY</subfield>
    <subfield code="d">CGU</subfield>
    <subfield code="d">ZCU</subfield>
  </datafield>
  <datafield tag="099" ind1=" " ind2=" ">
    <subfield code="a">893.73</subfield>
    <subfield code="a">Ib57</subfield>
  </datafield>
  <datafield tag="100" ind1="1" ind2=" ">
    <subfield code="a">Ibn Durayd, Muḥammad ibn al-Ḥasan,</subfield>
    <subfield code="d">837 or 838-933.</subfield>
  </datafield>
  <datafield tag="245" ind1="1" ind2="3">
    <subfield code="a">al-Malāḥin /</subfield>
    <subfield code="c">taʾlīf Abī Bakr Muḥammad ibn al-Ḥasan ibn Durayd al-Azdī ; ṣaḥḥaḥahu wa-ʻallaqa ʻalayh wa-dhayyalahu bi-dhayl Abū Isḥāq Ibrāhīm Aṭfayyish al-Jazāʾirī.</subfield>
  </datafield>
  <datafield tag="260" ind1=" " ind2=" ">
    <subfield code="a">al-Qāhirah :</subfield>
    <subfield code="b">al-Maṭbaʻah al-Salafīyah,</subfield>
    <subfield code="c">1347 H. [1928]</subfield>
  </datafield>
  <datafield tag="300" ind1=" " ind2=" ">
    <subfield code="a">13, 129 p.</subfield>
  </datafield>
  <datafield tag="650" ind1=" " ind2="0">
    <subfield code="a">Arabic language</subfield>
    <subfield code="x">Idioms.</subfield>
  </datafield>
  <datafield tag="700" ind1="1" ind2=" ">
    <subfield code="a">Iṭṭafayish, Abū Isḥāq Ibrāhīm.</subfield>
  </datafield>
  <datafield tag="955" ind1=" " ind2=" ">
    <subfield code="b">CU58880070</subfield>
    <subfield code="d">off,glx</subfield>
    <subfield code="e">893.73 Ib57</subfield>
  </datafield>
</record>
</collection>